@book{sentiment_analysis,
author = {Nandwani P, Verma R.},
title = {"A review on sentiment analysis and emotion detection from text."},
doi = {10.1007/s13278-021-00776-6},
year = {2021},
pmid = {"34484462"},
keywords = {"Emotion detection, Sentiment analysis, Text mining, Text processing"},
}