@article{ekman1999basic,
  title={Basic emotions},
  author={Ekman, Paul and others},
  journal={Handbook of cognition and emotion},
  volume={98},
  number={45-60},
  pages={16},
  year={1999}
}
@incollection{plutchik1980general,
  title={A general psychoevolutionary theory of emotion},
  author={Plutchik, Robert},
  booktitle={Theories of emotion},
  pages={3--33},
  year={1980},
  publisher={Elsevier}
}
@book{ortony2022cognitive,
  title={The cognitive structure of emotions},
  author={Ortony, Andrew and Clore, Gerald L and Collins, Allan},
  year={2022},
  publisher={Cambridge university press}
}
@article{badugu2017emotion,
  title={Emotion detection on twitter data using knowledge base approach},
  author={Badugu, Srinivasu and Suhasini, Matla},
  journal={International Journal of Computer Applications},
  volume={162},
  number={10},
  year={2017},
  publisher={Foundation of Computer Science}
}
@article{acheampong2020text,
  title={Text-based emotion detection: Advances, challenges, and opportunities},
  author={Acheampong, Francisca Adoma and Wenyu, Chen and Nunoo-Mensah, Henry},
  journal={Engineering Reports},
  volume={2},
  number={7},
  pages={e12189},
  year={2020},
  publisher={Wiley Online Library}
}
@inproceedings{suhasini2020emotion,
  title={Emotion detection framework for twitter data using supervised classifiers},
  author={Suhasini, Matla and Srinivasu, Badugu},
  booktitle={Data Engineering and Communication Technology: Proceedings of 3rd ICDECT-2K19},
  pages={565--576},
  year={2020},
  organization={Springer}
}
