@book{sentiment_analysis,
author = {Nandwani P, Verma R.},
title = {"A review on sentiment analysis and emotion detection from text."},
doi = {10.1007/s13278-021-00776-6},
year = {2021},
pmid = {"34484462"},
keywords = {"Emotion detection, Sentiment analysis, Text mining, Text processing"},
},
@book{binary_searches,
  author         = {Riski Muhamad Fitrian, Insan Taufik, et al},
  publisher      = {Journal of Physics: Conference Series},
  title          = {Digital Dictionary Using Binary Search Algorithm},
  year           = {2019}
},
@article{ascii_reference,
  author          = {http ://www.injosoft.se},
  title           = {A. ASCII Code - The extended ASCII table },
  volume          = {https://www.ascii-code.com/.}
},
@book{sorting_algorithm_comparison,
  author         = {Darko Božidar and Tomaž Dobravec},
  publisher      = {Faculty of Computer and Information Science, University of Ljubljana, Slovenia},
  title          = {Comparison of parallel sorting algorithms},
  year           = {2015}
}
@article{ekman1999basic,
  title={Basic emotions},
  author={Ekman, Paul and others},
  journal={Handbook of cognition and emotion},
  volume={98},
  number={45-60},
  pages={16},
  year={1999}
}
@incollection{plutchik1980general,
  title={A general psychoevolutionary theory of emotion},
  author={Plutchik, Robert},
  booktitle={Theories of emotion},
  pages={3--33},
  year={1980},
  publisher={Elsevier}
}
@book{ortony2022cognitive,
  title={The cognitive structure of emotions},
  author={Ortony, Andrew and Clore, Gerald L and Collins, Allan},
  year={2022},
  publisher={Cambridge university press}
}
@article{badugu2017emotion,
  title={Emotion detection on twitter data using knowledge base approach},
  author={Badugu, Srinivasu and Suhasini, Matla},
  journal={International Journal of Computer Applications},
  volume={162},
  number={10},
  year={2017},
  publisher={Foundation of Computer Science}
}
@article{acheampong2020text,
  title={Text-based emotion detection: Advances, challenges, and opportunities},
  author={Acheampong, Francisca Adoma and Wenyu, Chen and Nunoo-Mensah, Henry},
  journal={Engineering Reports},
  volume={2},
  number={7},
  pages={e12189},
  year={2020},
  publisher={Wiley Online Library}
}
@inproceedings{suhasini2020emotion,
  title={Emotion detection framework for twitter data using supervised classifiers},
  author={Suhasini, Matla and Srinivasu, Badugu},
  booktitle={Data Engineering and Communication Technology: Proceedings of 3rd ICDECT-2K19},
  pages={565--576},
  year={2020},
  organization={Springer}
}
@article{tf_idf_classification,
author = {Qaiser, Shahzad and Ali, Ramsha},
year = {2018},
month = {07},
pages = {},
title = {Text Mining: Use of TF-IDF to Examine the Relevance of Words to Documents},
volume = {181},
journal = {International Journal of Computer Applications},
doi = {10.5120/ijca2018917395}
}
